@article{deeplabcut,
    title={DeepLabCut: markerless pose estimation of user-defined body parts with deep learning},
    author = {Alexander Mathis and Pranav Mamidanna and Kevin M. Cury and Taiga Abe  and Venkatesh N. Murthy and Mackenzie W. Mathis and Matthias Bethge},
    journal={Nature Neuroscience},
    year={2018},
    language = {english},
    url={https://www.nature.com/articles/s41593-018-0209-y}
}

@inproceedings{dogegocentric,
    title={First-Person Animal Activity Recognition from Egocentric Videos},
    author={Y. Iwashita and A. Takamine and R. Kurazume and M. S. Ryoo},
    booktitle={International Conference on Pattern Recognition (ICPR)},
    year={2014},
    month={August},
    language = {english},
    address={Stockholm, Sweden},
} 

@inproceedings{KhoslaYaoJayadevaprakashFeiFei_FGVC2011,
    author = "Aditya Khosla and Nityananda Jayadevaprakash and Bangpeng Yao and Li Fei-Fei",
    title = "Novel Dataset for Fine-Grained Image Categorization",
    booktitle = "First Workshop on Fine-Grained Visual Categorization, IEEE Conference on Computer Vision and Pattern Recognition",
    year = "2011",
    month = "June",
    address = "Colorado Springs, CO",
    language = {english}
}

@inproceedings{jena,
    author = "Marco KÃ¶rner and Joachim Denzler",
    title = "JAR-Aibo: A Multi-View Dataset for Evaluation of Model-Free Action Recognition Systems",
    booktitle = "First International Workshop on Social Behaviour Analysis (SBA)",
    year = "2013",
    language = {english}
}
